<?xml version="1.0" encoding="UTF-8"?><collection xmlns="http://www.loc.gov/MARC21/slim"><record><leader>00380nam--2200133-i-4500</leader><controlfield tag="001">000009648</controlfield><controlfield tag="002">20161230</controlfield><controlfield tag="005">20161230201028</controlfield><controlfield tag="008">060222s1000------------r-----000-0-eng-d</controlfield><datafield ind1=" " ind2=" " tag="080"><subfield code="a">539.12</subfield></datafield><datafield ind1=" " ind2=" " tag="100"><subfield code="a">Cabrillat, Jean-claude</subfield></datafield><datafield ind1=" " ind2=" " tag="245"><subfield code="a">Etude de la diffusion quasi-elastique d-d_ d+n +p a 28mev</subfield></datafield><datafield ind1=" " ind2=" " tag="260"><subfield code="a">Villeurbanne, Institut De Physique Nucleaire, 1971. 39 P</subfield></datafield><datafield ind1=" " ind2=" " tag="852"><subfield code="a">34580</subfield></datafield></record></collection>